<record><leader>00000cas a22000007a 4500</leader><controlfield tag="001">15807652</controlfield><controlfield tag="008">870604c18899999iauwr ne      0    0eng d</controlfield><datafield ind1=" " ind2=" " tag="010"><subfield code="a">sn 87058278 </subfield></datafield><datafield ind1=" " ind2=" " tag="040"><subfield code="a">INP</subfield><subfield code="b">eng</subfield><subfield code="c">INP</subfield><subfield code="d">OCLCQ</subfield></datafield><datafield ind1=" " ind2=" " tag="042"><subfield code="a">msc</subfield></datafield><datafield ind1="0" ind2="0" tag="245"><subfield code="a">Hedrick journal.</subfield></datafield><datafield ind1=" " ind2=" " tag="260"><subfield code="a">Hedrick, Iowa :</subfield><subfield code="b">R.S. Martin &amp; Son,</subfield><subfield code="c">1889-</subfield></datafield><datafield ind1=" " ind2=" " tag="300"><subfield code="a">v.</subfield></datafield><datafield ind1=" " ind2=" " tag="310"><subfield code="a">Weekly</subfield></datafield><datafield ind1="0" ind2=" " tag="362"><subfield code="a">Vol. 4, no. 36 (May 2, 1889)-</subfield></datafield><datafield ind1=" " ind2=" " tag="500"><subfield code="a">Publisher varies.</subfield></datafield><datafield ind1=" " ind2=" " tag="515"><subfield code="a">Vol. 4, no. 36 (May 2, 1889)- called also whole no. 192-</subfield></datafield><datafield ind1=" " ind2=" " tag="752"><subfield code="a">United States</subfield><subfield code="b">Iowa</subfield><subfield code="c">Keokuk</subfield><subfield code="d">Hedrick.</subfield></datafield><datafield ind1="0" ind2="4" tag="780"><subfield code="t">Martinsburg journal (Martinsburg, Iowa)</subfield><subfield code="w">(DLC)sn 87058277</subfield></datafield><datafield ind1="0" ind2="4" tag="780"><subfield code="t">Hedrick enterprise</subfield></datafield></record>